<?xml version="1.0" encoding="UTF-8"?><collection xmlns="http://www.loc.gov/MARC21/slim"><record><leader>00442nam--2200157-i-4500</leader><controlfield tag="001">000020547</controlfield><controlfield tag="002">20161230</controlfield><controlfield tag="005">20161230201033</controlfield><controlfield tag="008">060222s1000------------r-----000-0-eng-d</controlfield><datafield ind1=" " ind2=" " tag="020"><subfield code="a">3-540-53</subfield></datafield><datafield ind1=" " ind2=" " tag="080"><subfield code="a">530.145.6(061.3)</subfield></datafield><datafield ind1=" " ind2=" " tag="245"><subfield code="a">Nonlinear evolution equations and dynamical systems. needs 90</subfield></datafield><datafield ind1=" " ind2=" " tag="260"><subfield code="a">Berlin, Springer-verlag, 1991. 239 P</subfield></datafield><datafield ind1=" " ind2=" " tag="490"><subfield code="a">Research Reports In Physics</subfield></datafield><datafield ind1=" " ind2=" " tag="700"><subfield code="a">Makhankov, V.G. /S.A.</subfield></datafield><datafield ind1=" " ind2=" " tag="852"><subfield code="a">80391</subfield></datafield></record></collection>